@Book{Lastoriadell'alimentazionedell'uomo. ,
author = {Michel Montignac},
title = {La storia dell'alimentazione dell'uomo.},
}
@InBook{Childhoodobesity,
author = {CB Ebbeling, DB Pawlak, DS Ludwig},
title = {Childhood obesity: public-health crisis, common sense cure.},
publisher = {The Lancet},
year = {2002},
volume = {360},
month ={August},
pages = {473-482}
}
@Article{FoodallergyUSchildren,
author = {AM Branum, SL Lukacs},
title = {Food allergy among US children: trends in prevalence and hospitalizations.},
journal = {NCHS  Data  Brief },
year = {2008},
number = {10},
}

